@article{schulz_surface_1992,
	title = {Surface water treatment for communities in developing countries},
	url = {http://agris.fao.org/agris-search/search.do?recordID=KE2005100533},
	language = {English},
	urldate = {2018-07-23},
	author = {Schulz, Christopher R. and Okun, Daniel A. and Donaldson, David and Austin, John},
	year = {1992}
}
