@BOOK{Strunk1979,
  title = {The Elements of Style},
  publisher = {Macmillan},
  year = {1979},
  author = {Strunk, Jr., William and E. B. White},
  edition = {Third}
}

@article{haarhoff_design_1998,
  title = {Design of around-the-end hydraulic flocculators},
  volume = {47},
  issn = {0003-7214},
  url = {https://iwaponline.com/aqua/article/47/3/142/31711/Design-of-around-the-end-hydraulic-flocculators},
  doi = {10.2166/aqua.1998.20},
  language = {en},
  number = {3},
  urldate = {2018-07-24},
  journal = {Journal of Water Supply: Research and Technology-Aqua},
  author = {Haarhoff, J.},
  month = may,
  year = {1998},
  pages = {142--152}
}

@article{haarhoff_towards_2001,
  title = {Towards optimal design parameters for around-the-end hydraulic flocculators},
  volume = {50},
  issn = {0003-7214},
  url = {	https://iwaponline.com/aqua/article/50/3/149/30498/Towards-optimal-design-parameters-for-around-the},
  doi = {10.2166/aqua.2001.0014},
  language = {en},
  number = {3},
  urldate = {2018-07-24},
  journal = {Journal of Water Supply: Research and Technology-Aqua},
  author = {Haarhoff, Johannes and Walt, Van Der and J, Jeremia},
  month = may,
  year = {2001},
  pages = {149--160}
}


@BOOK{schulz_surface_1992,
	title = {Surface water treatment for communities in developing countries},
	language = {English},
  url = {http://wwww.google.com},
	urldate = {2018-07-23},
	author = {Schulz, Christopher R. and Okun, Daniel A. and Donaldson, David and Austin, John},
	year = {1992},
  publisher = {John Wiley & Sons}
}
