@BOOK{Strunk1979,
  title = {The Elements of Style},
  publisher = {Macmillan},
  year = {1979},
  author = {Strunk, Jr., William and E. B. White},
  edition = {Third}
}
